<record><leader>00000cas a22000007a 4500</leader><controlfield tag="001">32803270</controlfield><controlfield tag="008">950712d1858188utnuwr ne      0   a0eng d</controlfield><datafield ind1=" " ind2=" " tag="010"><subfield code="a">sn 95068565 </subfield></datafield><datafield ind1=" " ind2=" " tag="040"><subfield code="a">MGN</subfield><subfield code="b">eng</subfield><subfield code="c">MGN</subfield><subfield code="d">TGN</subfield><subfield code="d">OCL</subfield><subfield code="d">OCLCQ</subfield><subfield code="d">DLC</subfield><subfield code="d">OCLCF</subfield><subfield code="d">DLC</subfield></datafield><datafield ind1="0" ind2=" " tag="022"><subfield code="a">2333-4312</subfield><subfield code="2">1</subfield></datafield><datafield ind1=" " ind2=" " tag="042"><subfield code="a">msc</subfield><subfield code="a">nsdp</subfield></datafield><datafield ind1=" " ind2=" " tag="043"><subfield code="a">n-us-tn</subfield></datafield><datafield ind1="0" ind2="0" tag="050"><subfield code="a">Newspaper</subfield></datafield><datafield ind1="0" ind2="0" tag="082"><subfield code="a">071</subfield><subfield code="2">23</subfield></datafield><datafield ind1="0" ind2=" " tag="130"><subfield code="a">Home journal (Winchester, Tenn. : 1858)</subfield></datafield><datafield ind1=" " ind2="4" tag="222"><subfield code="a">The home journal</subfield><subfield code="b">(Winchester, Tenn. 1858. Print)</subfield></datafield><datafield ind1="1" ind2="4" tag="245"><subfield code="a">The home journal.</subfield></datafield><datafield ind1=" " ind2=" " tag="260"><subfield code="a">Winchester, Tenn. :</subfield><subfield code="b">W.J. Slatter,</subfield><subfield code="c">1858-</subfield></datafield><datafield ind1=" " ind2=" " tag="300"><subfield code="a">v.</subfield></datafield><datafield ind1=" " ind2=" " tag="310"><subfield code="a">Weekly</subfield></datafield><datafield ind1="0" ind2=" " tag="362"><subfield code="a">Vol. 2, no. 36 (Sept. 23, 1858)-</subfield></datafield><datafield ind1=" " ind2=" " tag="500"><subfield code="a">Publishers: W.J. Slatter, 1858-&lt;1860&gt;; W.J. Slatter &amp; Co., &lt;1866&gt;-1868; Metcalfe, Hunt &amp; Dulin, 1869; Watterson, Hunt &amp; Co., 1869; Waterson &amp; Beasley, 1870; J.R. Beasley &amp; Co., 1870-1871; W.J. Slatter, 1871-1873; Metcalfe &amp; Slatter, &lt;1873&gt;; Isaac Estill, 1875-1877; R.R. Barrow, 1877-&lt;1878&gt;</subfield></datafield><datafield ind1=" " ind2=" " tag="500"><subfield code="a">Editors: W.J. Slatter, 1858-1866; W.J. Slatter &amp; H.H. Dulin, 1867-1868; Lewis Metcalfe, 1869; W.D. Watterson, 1869-1870; W.D. Watterson &amp; J.R. Beasley, 1870-1871; W.J. Slatter, 1871-1873; Metcalfe &amp; Slatter, &lt;1873&gt;; W.J. Slatter, &lt;1875&gt;-1884.</subfield></datafield><datafield ind1=" " ind2=" " tag="515"><subfield code="a">Publication suspended: 1862-Feb. 10, 1866; May 7, 1868-Apr. 1, 1869.</subfield></datafield><datafield ind1=" " ind2=" " tag="530"><subfield code="a">Archived issues are available in digital format as part of the Library of Congress Chronicling America online collection.</subfield></datafield><datafield ind1=" " ind2=" " tag="580"><subfield code="a">During 1862-1866 suspension, W.J. Slatter published: Daily bulletin (Winchester, Tenn.), Winchester daily bulletin (Winchester, Tenn.), and: Daily bulletin (LaGrange, Ga.).</subfield></datafield><datafield ind1=" " ind2=" " tag="580"><subfield code="a">Merged with: Franklin County news (Winchester, Tenn.), to form: News journal (Winchester, Tenn.).</subfield></datafield><datafield ind1=" " ind2="0" tag="651"><subfield code="a">Winchester (Tenn.)</subfield><subfield code="v">Newspapers.</subfield></datafield><datafield ind1=" " ind2="0" tag="651"><subfield code="a">Franklin County (Tenn.)</subfield><subfield code="v">Newspapers.</subfield></datafield><datafield ind1=" " ind2="7" tag="651"><subfield code="a">Tennessee</subfield><subfield code="z">Franklin County.</subfield><subfield code="2">fast</subfield><subfield code="0">(OCoLC)fst01207052</subfield></datafield><datafield ind1=" " ind2="7" tag="651"><subfield code="a">Tennessee</subfield><subfield code="z">Winchester.</subfield><subfield code="2">fast</subfield><subfield code="0">(OCoLC)fst01227053</subfield></datafield><datafield ind1=" " ind2="7" tag="655"><subfield code="a">Newspapers.</subfield><subfield code="2">fast</subfield><subfield code="0">(OCoLC)fst01423814</subfield></datafield><datafield ind1=" " ind2=" " tag="752"><subfield code="a">United States</subfield><subfield code="b">Tennessee</subfield><subfield code="c">Franklin</subfield><subfield code="d">Winchester.</subfield></datafield><datafield ind1="0" ind2="8" tag="776"><subfield code="i">Online version:</subfield><subfield code="t">Home journal (Winchester, Tenn. : 1858 : Online)</subfield><subfield code="x">2333-4320</subfield><subfield code="w">(DLC)  2013271976</subfield></datafield><datafield ind1="0" ind2="0" tag="780"><subfield code="t">Winchester home journal</subfield><subfield code="w">(DLC)sn 97065088</subfield></datafield><datafield ind1="1" ind2="7" tag="785"><subfield code="t">Franklin County news (Winchester, Tenn.)</subfield></datafield><datafield ind1="1" ind2="7" tag="785"><subfield code="t">News journal (Winchester, Tenn.)</subfield><subfield code="w">(DLC)sn 97065098</subfield></datafield><datafield ind1="1" ind2=" " tag="787"><subfield code="t">Daily bulletin (Winchester, Tenn.)</subfield><subfield code="x">2333-2948</subfield><subfield code="w">(DLC)sn 85038523</subfield><subfield code="w">(OCoLC)12697312</subfield></datafield><datafield ind1="1" ind2=" " tag="787"><subfield code="t">Winchester daily bulletin (Winchester, Tenn.)</subfield><subfield code="x">2331-9992</subfield><subfield code="w">(DLC)sn 85038524</subfield><subfield code="w">(OCoLC)12697317</subfield></datafield><datafield ind1="1" ind2=" " tag="787"><subfield code="t">Daily bulletin (LaGrange, Ga.)</subfield><subfield code="w">(DLC)sn 90052359</subfield></datafield><datafield ind1="4" ind2="1" tag="856"><subfield code="u">http://www.loc.gov/chroniclingamerica/lccn/sn95068565/issues</subfield></datafield><datafield ind1="1" ind2=" " tag="029"><subfield code="a">AU@</subfield><subfield code="b">000011873229</subfield></datafield></record>